<?xml version="1.0" encoding="UTF-8"?><collection xmlns="http://www.loc.gov/MARC21/slim"><record><leader>00319nam--2200121-i-4500</leader><controlfield tag="001">000038861</controlfield><controlfield tag="002">20161230</controlfield><controlfield tag="005">20161230201042</controlfield><controlfield tag="008">060222s1000------------r-----000-0-eng-d</controlfield><datafield ind1=" " ind2=" " tag="080"><subfield code="a">621.039.519.2(061.3)</subfield></datafield><datafield ind1=" " ind2=" " tag="245"><subfield code="a">Research reactor experimental techniques</subfield></datafield><datafield ind1=" " ind2=" " tag="260"><subfield code="a">Bucharest, Ed.Acad.R.S.R., 1966, 552p</subfield></datafield><datafield ind1=" " ind2=" " tag="852"><subfield code="a">25405</subfield></datafield></record></collection>